<record><leader>00000cas a22000007a 4500</leader><controlfield tag="001">15080060</controlfield><controlfield tag="008">870116d19861987msuwr ne      0    0eng d</controlfield><datafield ind1=" " ind2=" " tag="010"><subfield code="a">sn 87065083 </subfield></datafield><datafield ind1=" " ind2=" " tag="040"><subfield code="a">MJA</subfield><subfield code="b">eng</subfield><subfield code="c">MJA</subfield><subfield code="d">MSJ</subfield><subfield code="d">OCLCQ</subfield></datafield><datafield ind1=" " ind2=" " tag="042"><subfield code="a">msc</subfield></datafield><datafield ind1="0" ind2="4" tag="245"><subfield code="a">The Ellisville voice.</subfield></datafield><datafield ind1=" " ind2=" " tag="260"><subfield code="a">Ellisville, Miss. :</subfield><subfield code="b">J. Warren Collins, Jr.,</subfield><subfield code="c">1986-1987.</subfield></datafield><datafield ind1=" " ind2=" " tag="310"><subfield code="a">Weekly</subfield></datafield><datafield ind1="0" ind2=" " tag="362"><subfield code="a">Vol. 1, no. 1 (Oct. 15, 1986)-v. 1, no. 18 (Feb. 11, 1987).</subfield></datafield><datafield ind1=" " ind2=" " tag="752"><subfield code="a">United States</subfield><subfield code="b">Mississippi</subfield><subfield code="c">Jones</subfield><subfield code="d">Ellisville.</subfield></datafield></record>